517014
46747
44619
282606
22315
107593
1478974
55517
249536
136139
39414
52902
31297
151948
32429
298016
97795
152326
243963
49688
34686
70159
481838
900630
540922
68821
39386
1083975
123768
158883
86429
121805
404096
220613
89761
1246437
50764
147899
169078
1860960
47943
3204987
1467201
31020
207992
113302
104987690
62598
6900358
164883
3082245
312547
1071593
70672
1700131
144262
81598
56279
443557
58832
276652
406975
109505
410619
1189360
916254
2605881
1077399
42416
743459
98829
109585
124661
29982
1238480
812632
125083
238540
327230
109771
309075
535906
29244
253882
328419
1903801
571438
62220
12787017
268640
452539
462889
42186
2320100
80084
1963612
116850
359345
26833
137145
1609892
41736
213121
45155
244790
100790
286859
49531
251996
31674
113757
63727
188207
2625595
591915
218665
19253
37334
135632
37748
63947
117011
31861
60975
92362
257661
14586606
533952
18559745
25956
9072516
291827
95387
32142
64778
264555
236180
29369
45808
1018488
44496
196905
103992
38836
70549
56467
26525
247599
1505934
2146775
335584
46527
36968
188786
147789
45763
2064050
17089
4000034
198832
502170
683077
77142
99807329
1236230
34452
139870
1086534
973562
34644
229703
365407
63085
695064
669619
155495
1203381
171927
181756
248529
48156
88770
45771
1829072
51354
510237
1833275
39504
349653
66144
313582
299326
90628
533297
581527
199464
259940
344540
50769
20593
80906
30054
903858
191310
74810
56697
876867
2040337
2210744
20672
110257
37293
485910
6043460
130327
549482
184581
771902
210120
3773826
48138
121623
42104
84293
3425831
156575
440087
399085
241915
171402
102675
51596
175571
125125
64341
931371
398515
1115191
1005690
38200
49451
500916
154529
341724
181086
1914915
82545
60443
1932871
427583
69006
67784
40882
449855
3441870
396949
35530
377298
50252
3532986
272770
140238
38691
56459
2544199
69350
1202473
100765
640367
30548
98852
89485
63106
322897
52855
18636513
411515
195711
1699299
62367
24606
25322
59572
86394
336293
28225
137531
396707
107127
55085
127413
56074
227897
404901
72085
82715
240538
110393
70739
456025
73106
1123805
1618161
163804
157633
84137
74358
134557
83955
405660
706802
2238217
227308
76196
104739
40073
24921
40227
405770
63615
51768
2892313
861047
194387
152681
866903
88065
3221362
31518
31810
284462
25153
204843
369122
420149
551820
495724
706325
48989
70239
39918
59392
801926
157398
112336
2151591
40865
363787
81258
227129
32580
164534
27302
236570
1569199
56648
24198
70713
74963
957851
491702
2892690
2321649
1089200
162275
98175
89785
68071
968342
120817
32602
924899
385609
117930
916486
58111
1457295
1028329
285704
87462
77629
684543
123114
435279
2394604
255169
276340
34057
5520348
114017
87308
79553
369079
158159
1651525
49181
105590
272458
587793
81037
178886
692028
872199
869266
2503546
231183
31888
135519
27827
893229
44574
199655
35238
119177
450610
85221
572589
49345
1779000
127311
39256
207391
90450
96592
43688
150797
48772
363818
324375
69055
265022
41422
36895
72578
15274
51464
549520
52666
304215
46411
235770
131122
50632
66358
71551
889727
61170
171161
2105714
16896
395565
310423
30611
46890
95271
135885
564171
393604
88117
398902
175949
1403514
281021
54248
71286
1878136
98194
297058
764715
57789
104515
53672
1090491
155099
96793
31865
46069
2863884
2543945
74225
26162
264477
201372
357620
3716013
3495475
1009907
47924
38942
20830
48683
1291792
63219
797655
246772
882399
773978
244172
2949442
30975
29192
381408
119535
50080
637229
72642
275148
347935
132521
178988
251102
47352
78798
150371
69725
121689
50800
121118
218683
67232
2555714
30046
120096
799841
7555325
102657
44695
59216
54318
127771
381006
122022
2196327
80696
95844
26063446
117686
156860
141745
92426
293231
7835087
82174
347577
476885
174168
241588
21003
344755
1839371
695447
5363553
131010
176457
159194
3485106
70904
1374773
56317
171170
153499
19629
402359
112492
88875
140994
4386687
29339
3517474
71791
41554
709698
82810
115992
1017225
964166
60818
34825
56395
920177
65368
421968
109091
47099
281327
55771
2535160
172304
30903
160924
1354187
121376
629444
715336
1349895
185080
374636
139407
378051
71713
195424
1226075
49594
648911
1038094
4416855
14625532
27687
354950
36249342
668743
1750170
545991
76939
497834
219277
1637388
29029
182242
1346218
276593
810374
94042
114821
157287
16218
41935
70516
112656
433504
1334019
104361
4518350
35030
1582342
5534101
43365
18397
2065491
865735
52336
252986
243808
1003717
139700
1031921
334962
47853
29704
120671
62391
65836
137395
149772
75885
445661
65999
58280
28084
1257588
155910
329972
241066
72656
35197
121198
42904
713842
109174
655641
13570221
1361820
10820
43095
84507
222906
100647
74185
548979
52636
162241
993339
124585
95614
46386
53445
365206
115433
133409
363650
198196
64021
125037
447874
805571
91581
148819
165936
38386
955938
541374
31713
63228
404241
388229
66325
34014
61747
98775
58647
82565
838713
49861
534260
22094
98977
72351
30945
126764
121867
374383
1053209
33737
46675
620101
215621
256123
15189
113094
41729
1815317
115866
25500
66806
154366
91483
110011
27973
28637
45616
31948
5246390
4566108
147691
60938
429033
92037
145321
54134
95074
2039946
265858
89321
172041
867618
426996
336395
183844
80898
53713
707750
127995
51017
1043166
273894
82065
146418
29035
60240
285171
21660
879986
100984
864577
116486
86719
97719
293669
65860
2214873
54993
211985
235134
120769
260909
33917
542830
68026
73406
26707
27948
66193
2316181
663639
122001
67048
34782
194088
175555
92822
160550
45917
151961
7729597
161275
117975
114595
59244
215170
192666
131580
366260
53769
49323
319003
44506
43421
47164
488152
28046
505952
330763
593656
83158
2770405
24744
39896
32915
41116
60686
1046413
54526
1677887
199642
152165
19384
174089
37829
54922
98220
6660184
106581
2573107
65239
76277
38646
35404
46782
2180062
368724
216561
64800
601716
460431
163047
94599
126961
61649
2617524
69824
95234
27787
152939
1146515
44007
47991
40997
55000
192691
203631
513808
49677
403768
56445
583033
84027
142048
1030289
119440
109419
143343
236511
448925
960177
106824
163105
234341
680213
3808312
633908
360220
245631
61376
257943
49676
231788
45418
69503
156460
186596
34030
175236
96472
79386
3205266
814797
221888
70683
384480
47665
212038
53862
156414
56956
85445
19095
209486
11204927
18654
39967
1050804
22146
53299
1210107
392801
643437
1956101
343616
617246
335906
33987
92830
347904
335951
959003
2203323
9300234
58081
941137
648486
31112
775021
335393
272199
69077
659404
385143
127835
71860
91990
189318
38004
774199
18712458
573964
142070
2337450
268988
37475
536525
155336
1455613
22766
398901
58534
144443
4263881
22302
109051
30358
171944
60051
73836
125958
68407
4634732
814448
420286
2493295
1192546
32357
524244
53735
304246
248009
268351
113787
135894
67038
122861
372313
84234
18008
33098
23381
3917873
542670
37079
85333
1050590
732224
656762
61136
517464
96018
2696928
44009
547214
1978207
58887
76793
54830
153446
227053
194870
56593
324756
335450
309924
210815
596195
134396
262831
35939
33871
346067
2060269
128666
15393
313717
203089
75521
374141
64422
188612
135665
80217
39952
38540
487888
457953
34399
33165
85432
75099
268112
266986
90627
46199
73954
71077
850432
55908
20739
158167
883313
47404
498624
80941
51311
430469
67180
218589
37055
68185
181232
46015
54317
508359
68629
77171
268527
80265
480234
237583
50215
6815683
65330
171616
767904
569302
174853
87998
142075
71475
99368
579104
116604
115965
86111
45768
77561
26774
1868850
31960
57410
31399
123171
32164
884807
383035
425519
726351
399118
453366
5970531
389914
188455
120095
51014
3584861
5032092
12923925
1381083
121374
70349
40887
899625
1836163
67585
52417
1382837
528554
108878
174191
53616
173488
89685
3413284
615358
500195
62515
119075
272767
50629
73291
246959
48177
88620
62744
2475237
186431
201937
270987
44965
46610
199157
852011
143777
261194
618133
101684
52171
35707
4594994
515780
445085
773863
293813
371339
66164
280216
74905
2146226
863730
36683
96325
2278214
269347
53462
20188
425390
151479
265087
4924061
34112
116661
389398
20994
331612
81858
176989
46775
81083
176304
216854
657685
104179
435212
99321
172962
58362
2698784
1128668
148598
310317
18918
36120
71300
104668
65669
22106
121861
37869
444160
69702
49855
2164317
32615
824011
768313
143899
24237
59966
88460
109722
41552
87819
2487649
93566
55597
18864
396885
46880
3111223
324890
59158
48417
935024
368338
50576
189182
154521
1275181
205791
32356
2056212
463636
331299
267544
26771
160847
83422
43561
3530004
18680
58462
515460
125482
170934
106850
73849
3474397
71943
24797
125454
29975
163562
462555
125284
26038
77515
1785322
28292
54521
61448
123364
295413
1066625
52697
7203346
76714
52988
1284443
214874
55950
119445
117349
114206
582977
52738
193276
376960
64930
1279652
64611
34305
970579
54432
413158
30643
429922
3824851
49903
3569238
2981477
43076
85320
82721
1727207
37182
146662
214550
88795
260370
78243
44801
359796
52975
57802
239928
77760
31854
6051884
459856
50389
31980
43524
6474175
56935
329421
357549
963280
271949
79106
714875
34319
112586
32237
556492
571351
446632
77579
345559
71390
170656
1501448
58314
55403
493417
19978
1543423
168944
115654
1697832
1949261
2867286
858793
3644333
37448
37717
93906
538642
2696592
434507
167100
36455
498730
28567
53550
2015975
639701
10836
25919
222529
384898
584404
233264
34247
169957
173013
67191
60714
31946
933379
3483372
32762
20924
211859
59308
1979794
204728
48253
16928
40475
97933
1193076
155252
3288739
82767
1770464
128806
142649
36776
420794
2207182
1145270
46132
97013
73344
167090
80296
300234
31988
50779
529819
93748
547648
191515
50367
1043216
191322
16112
61182
97040
128732
132148
5426985
229326
319627
773558
85462
342808
55504
30295
353152
36855
66220
67269
25647
39203
499140
220439
38291
743908
172684
64257
33416
2729906
155261
99229
31376
1864449
412558
80811
4009166
20261
37004
28017
345519
61520
1327422
512797
1308861
225296
240666
72352
600006
987992
249845
314125
80560
901095
589165
637822
129077
423791
19663
36546
648401
19011
135550
413634
280456
117358
1208155
2073758
81956
1619743
5151477
88470
5250753
580881
71953
442530
1967597
319456
240866
69912
245537
317241
1677343
45603
38842
56911
25308
65788
2099748
509230
163731
155454
763398
99838
40891
174634
26062
70632
43721
114467
117201
38956
52646
391425
31331
38753
54513
107325
1275028
125206
87699
3860421
65237
79222
456682
912537
437010
513310
60347
50952
78622
87109
99549
327188
48429
18201
295905
3288962
1837951
82147
61157
255704
181094
53796
200366
118158
587884
151021
83824
220423
41409
184853
55398
1189472
285139
142866
352800
56250
49850
50925
2260454
1146200
208580
632841
24367
41243
102573
26069
23989
166632
70563
568188
339818
3184065
658010
58269
527378
105738
156897
682758
262337
6548401
1607493
149775
150084
170517
67590
21614
744580
350127
229346
48778
101641
104661
68566
41748
34249
92337
54851
94941
21233576
512177
808879
1599994
1404817
1599554
31772
6913389
91332
283594
44434
185850
225648
102969
28264
63263
152097
61064
107318
60211
231597
107315
322492
27618
49602
78626
86373
200649
196916
43951
327963
200157
7881963
52007
33701
58168
14445
57992
202783
25864
380342
48486
214390
332556
204155
187282
16343
702323
1478023
1004354
120285
1138968
242127
135981
49348
180427
138029
1027772
36561
43972
787840
155550
74035
74207
16390
172192
415790
335813
148965
304177
99040
43113
134880
257146
4399860
114171
56837
150010
73670
303272
71966
350107
886087
125115
215408
241925
206108
53445
348290
44903
161877
71665
102147
563004
139492
387422
90690
1543535
105027
252032
59243
166473
407841
120402
136588
407023
69427
77882
70651
324283
95325
237955
589008
275145
12051616
139482
23495
42596
44388
327728
107067
184130
140101
27591
39306
73941
97862
421459
727545
54848
171985
63834
79645
70038
308791
458324
60286
746707
119276
27941
300768
28447
42713
524586
62823
10920202
28613
117916
4475856
315872
48884
11079940
832483
275934
59104
23207
35848
20578
476319
23036
129692
24437
8532726
5537934
179595
72531
171021
724927
191818
46848925
3826388
580155
273423
181683
45851
168890
26477895
29415
136438
147077
32643
137328
357230
53849
90954
43996
24085
257359
211830
300968
31417
176069
17782288
20195
60480
803138
30098
79201
142433
17803
158609
250751
2723314
39533
18351
526293
116204
233577
32966
99709
68923
50538
39191
3414658
413887
1142937
63132
47227
38167
106597
95525
56717
79673
323485
153022
7294217
535402
3648233
70630
791146
127783
45574
956815
234665
846433
6602459
51567
133225
61299
1196926
82383
29334
983245
257225
150852
41638
104327
73909
83354
55212
160859
74474
90164
713684
31571
75232
118211
128976
551240
34459
84365
59482
381456
24517
339117
60638
78573
77563
1302998
89138
126784
192189
115571
113606
2022923
295007
24942
382705
66431
1676170
299404
637092
45857
24237
33572
43023
376891
23451
1260942
78505
195786
111405
437248
49652
58539
60555
54080
214122
3538366
1535549
13019
38359
74793
1116895
58554
26106
120520
62458
21969
2014656
133674
37620
5056778
22901
182883
218071
385985
931604
829624
191780
35072
406770
182530
48819
25953
277380
6072103
59861
71241
89850
115730
629286
271004
2213893
28883
22079
62818
27045
100484
389040
1782109
67222
20105
29229
31783
909885
1279375
908249
42967
136297
142895
138949
125164
34322
1345758
31624
838839
118138
70934
37061
370454
127856
3262561
4857347
738907
50892
264052
34035
271633
228562
313600
33795
76890
1372352
718967
119121
412207
32480
162090
141534
80948
411306
169408
731867
138378
63754
1244346
219878
783425
36851
22305
1005017
118046
206287
34956
336897
409376
6653179
157533
40307
22487
33917
30703
4527602
34056
21426
53200
31425
146407
415677
49118
185065
3523286
1047750
1247920
187658
369984
51648
466321
335240
29720
7230171
34315
15438
1981854
34988
69285
102174
2256701
157469
48770
100060
320725
111151
558723
1022627
466392
37371
2249863
296985
431252
352318
515066
623273
44070
384482
36784
209365
362753
145356
242413
35010
33194
1185527
207363
2241441
2698143
3059515
29178
1989261
381701
353766
49909
28171
50773
470900
79095
24799
164372
130263
283599
14320
171078
435842
214019
13684
115266
68312
4077338
2213377
427468
70911
495049
22495
13755614
309022
103004
57626
373998
16234
29912
456309
105336
360796
448641
54048
4000419
29842
73855
151934
52892
56313
383850
312933
67642
2410348
344193
63393
224016
30560
102775
104324
79221
31037
123171
1795410
1775710
151371
78849589
227642
445982
16529
801413
30156
608849
31739
453583
103351
108029
305483
77970
773613
2230566
55697
72145
331242
39604
109618
32422
314069
223086
13160
24615
450271
47317
52674
412993
235371
38603
287401
741210
102020
30127
7197272
206461
101796
83805
360845
25877
382652
1731911
78344
880388
364844
39749
738502
94386
2973066
86774
148172
6557335
35452
8715147
407298
53666
5158214
38029
625699
360999
39711
36278
49066
12607928
107742
5476774
162139
122209
86992
168783
242163
1206180
604168
62289
3445238
47011
53326
227203
67221
47451
24783
61206
29244
57467
156886
304926
647668
52174
53058
68387
49974
455376
529036
1077452
43712
196349
59704
30907
37202
273873
122648
99907
49425
204171
38999
96365
61822
30377
472520
65868
659779
112140
99782
72147
356178
3850027
36480
194758
88705
50812
2666032
103435
321945
62396
398769
5971808
47208
186703
60204
41055
7297228
457243
341019
114450
74514
11433
92871
51984
56999
16650
211805
243218
1771744
947980
242051
1738722
111738
419160
319439
64895
667934
3025094
5728860
419333
111224
736911
339290
612658
72347
196691
757978
2144165
497181
51088
796510
1900591
1352550
500668
49564
27467
924643
749763
100526
1392194
97239
106226
64841
88411
36943
1107383
102617
4389990
36545
175466
288102
878402
179083
34076
37462
346279
26923
36280
2550472
96766
78591
626005
168652
88031
115775
1168675
1862979
113539
455290
519218
56414
246322
56204
73459
299170
63277
420331
70483
133567
98809
33650
61219
95369
612307
138588
346074
140913
130921
1069965
39280
93626
59197
44341
109972
89462
76670
19634
17531047
52986
877925
65430
71257
101323
8974
33032
112025
202135
184665
202368
340738
35941
472128
192156
864316
624721
16263
664544
1296022
27912129
16452023
69745
4748317
62564
104716
144784
81509
111427
137505
91026
74402
127002
795986
21468
694413
203515
92000
30724
115557
128485
48053
140900
37285
105870
292741
1925161
388693
6925492
15320
279458
232558
148528
132666
2529695
54874
4041362
115906
131066
169108
48200
797252
3051234
145554
30539
32196
342214
398114
16430
1768440
120208
138004
206584
63383
527188
32576
100581
50146
144022
103782
104437
183845
3733633
93154
130254
985208
144691
107115
69099
100178
1241171
50615
35407
5506323
294188
76469
60236
219128
98049
57211
54213
34569
29139
4458233
3898083
35157
52556
115587
169924
368820
742333
59581
748273
265508
36649
4104649
813263
148942
57922
338238
27671
519707
21408
7189364
55952
58614
82496
398681
284392
109325
123606
1113640
203250
5703717
199478
216772
6229129
40515
91086
43393
590107
34951
45470
562071
313480
249799
20521
130298
110522
969196
56922
1269967
2300839
85367
63127
105420
28647
9957414
184863
42436
47341
734018
163593
1999312
29852
411353
68597
110856
66596
767230
3832805
2058129
23810
69531
88757
59516
89475
196979
6979460
4247726
55722
789740
63436
21383
33071
83336
130801
54647
116796
257879
23250
483774
26223
3279198
964233
53864
168901
69469
64270
131066
477495
555661
526528
38035
751480
40898
274772
2044768
1080865
163721
214611
129439
116780
108866
58861
110211
1707220
330862
30311
59028
28065
238263
3082752
252752
345060
57183
374347
1308235
518743
242701
182696
88686
328965
102091
1585974
112463
968840
799174
36063
39492
39791
429696
481130
67611
459722
194667
107668
190307
66403
15211
272860
114655
238498
163042
1347304
26479
19687
107737
22927
87516
118975
54700
24758
20456
157295
386608
6730131
87551
23826
63940
72208
345182
8571536
90404
51263
360730
3351462
101942
4358541
42757
407214
45868
73416
66577
303444
209181
64975
1273561
41335
42355
13070
91609
76164
393220
41793
433774
129459
35258
1762929
2657362
600896
72412
747620
100652
35745
83799
87984
1125653
36936
706089
245486
86030
377873
706405
35929
78956
33234
125820
353692
662249
7473868
247077
479430
232935
139364
149783
2065092
596681
271861
282642
35194
282122
383610
75744
286121
54361
56523
61671
105297
639553
742313
395232
524144
43683
187345
128473
372593
142750
196932
788047
99277
22151
506958
218020
34288
106388
249313
32477
62141
672537
577532
159824
16483156
695748
44123
51260
1691475
118477
31922
73978
31165
133874
29512
95033
25521
122276
380611
109130
67917
24897
50197
2749460
80478
107372
4801456
20467
287108
136680
14156
165902
61750
112943
75343
38957
94664
395984
1690675
440486
240555
312421
1814512
662332
223137
1002305
156656
72587
700369
7381394
209055
114344
599112
10156123
110528
34559
403422
5221085
700887
55109
153019
663721
117072
30702
117512
20472
153069
34423
8341455
952110
72108
1888749
46430
38750
1308830
49414
85095
186467
513949
1103847
87888
157195
47428
94581
8464936
43924
146265
53650
27458
59908
53895
165127
49392
20669
2244813
384864
100356
128344
121557
606382
56013
91084
39097
52039
204443
644661
37442
375654
367452
63415
409361
1992527
161051
928817
24899
13095
34247
170700
109428
75456
5440361
71126
176070
344995
28481
48886
201378
59080
462318
180490
3089350
54723
29567
77415
383440
16753
39094
63442
55590
85199
35590
49226
206703
465346
434543
536741
103184
54024
274463
99370
650469
34326
676500
1117052
136837
29523
636233
601390
38456
2006255
121363
513313
166896
40947
116472
1480891
92356
632461
85524
33762
81539
640879
51805
26523
149540
34322
2995321
97272
26308
452630
134235
354108
22871
116133
946739
226965
45052
2887322
617992
220850
1843280
2895040
550118
68833
97716
71447
66105
326151
2124408
169202
44530
1044977
47550
99338
227774
101854
69540
135194331
962658
47195
1448871
86898
245752
134187
373936
2502835
10882
50652
135471
50011
66821
64995
38635
35643
29119
60672
81606
170032
391334
115671
593531
576347
427833
2594684
87820
5546335
109872
2098515
58613
72334
99078
1090601
2559591
114002
1945227
26283
205501
120365
334786
426707
45951
16021
69918
922833
24513
323025
33967
76960
15365
77395
1040028
840524
634461
42797
74353
26006
10814148
42649
89027
905727
188625
449552
35294
405112
60415
109282
3092934
106169
45125
475216
88470
21659
426606
132467
779607
184566
169266
128446
433930
2791312
1741352
113871
278331
62755
68910
30760
68477
304358
2316727
171704
262179
77126
82923
8533330
871635
90776
75421
77078
509554
1305347
2100146
696906
109051
2889528
161339
1318038
158051
115753
576390
40726
87628
494283
98231
1285447
78161
100263
43445
345146
755980
1473259
17577
389031
63027
53632
52336
112780
79589
1325101
7737670
110651
77478
64719
100367
728809
213197
63770
46746
36582
32192
277201
60418
305381
113407
247723
524078
1226600
500185
28866
723553
544326
25916
117995
75224
105481
72993
446802
40749
329964
6178181
40077
30954
2436931
83122
288770
39306
155141
160370
163067
41441
2944737
103764
151457
420835
1240330
33192
56374
62435
25095
29114
421036
958504
71106
64291
139546
256204
79809
51385
47046
27942
3314749
24467
228494
245463
298255
80013
110333
327413
362748
2575279
53966
58126
447231
50989
59656
2238331
147050
850651
563623
523622
169683
1962141
431542
42207
85121
103511
34127
241479
1915350
202698
233057
40244
50121
555244
50911
47066
157297
422163
262637
127075
43047
1858150
110099
1662646
206609
2259742
79078
83435
1918148
1243295
566015
138705
7202890
37396
314513
5545293
208847
133194
185941
25790
619379
38154
78051
86078
182557
713258
328541
306006
83124
250311
152299
194776
44581
44162
196086
1118470
1711792
66460
6099899
34964
36222
15173
87538
51982
44587
158711
2345485
4727357
232117
707321
308538
75602
197030
208746
119475
60913
41176
1467069
1143117
35602
108769
78115
321892
51484
53628
45478
183918
21306
39348
78559
40800
165083
39592
41448
67950
156605
7374134
1468778
2212496
38517
31669
13960
303790
177134
608948
42203
109000
22844
219990
80066
122649
335454
184480
141502
120234
55432
71629
336150
79321
49418
376463
72101
167580
1113408
209562
88422
13301394
19172
45195
164835
117176
196827
424038
165716
30793
255239
166690
180709
41151
437055
1415079
66769
105602
263329
116909
79267
46699
51119
93800
206399
60621
121218
2638902
722315
51038
205930
82753
147459
53391
84926
10266052
295263
2204046
696152
46382
17248
130069
1876587
121721
56647
34834
49881
37400
231862
362099
91337
173985
46580
27114
539699
208493
143351
72114
97483
150094
39149
93701
87224
32640
466387
86712
362460
2474691
1626919
1862117
25044
99693
155531
30282
65385
29516
812334
1175487
846031
224606
48593
315402
65306
63337
142520
167294
47177
179045
338247
378564
32848
89091
60750
52226
39585
95029
134043
53286
7835045
299234
197708
40226
311904
43787
708153
269720
167826
45552
34360
122283
274346
59688
275215
50454
94436
163063
190257
167705
185343
73140
142016
456833
48651
197900
153903
513544
737615
87041
284680
250465
74331
587621
73148
15351
94646
581433
97962
36215
850588
21112
33986
98342
69242
40315
800434
136834
4399452
226836
48138
677859
40762
73752
115848
103696
3962638
154435
58172
169021
2737146
313826
39331
111927
126630
353544
33029
145894
148274
733945
128361
64378
56050
40154
135429
36516
346695
286879
159394
202636
29793
68477
782479
45306
750410
220749
89689
119830
330674
208099
22295
450995
463272
298261
633542
253599
827647
579502
59544
22348
75025
51660
323686
444098
19664
109457
221438
16255
45187
21241
75205
193985
2756216
26551
4922588
84598
60529
16954
463885
210116
21747
68619
131423
143714
802999
361510
43121
1943045
51309
22891
378664
927917
251229
2783458
97237
102484
563706
90432
135053
62160
154768
284972
52269
127573
252856
533538
215738
120391
2435558
48742
42766
340618
172017
72955
54257
33898
43538
66891
501492
245290
282001
58881
536263
489935
1020932
64067
113517
59232
71071
456825
104324
299066
2120071
70975
835976
74479
4240669
130774
730685
45987
4790770
198146
254502
30285
64128
287368
3069298
62436
95024
70517
2141091
943142
427302
218466
106447
68914
3338895
1148927
84531
104280
59381
37065
57373
178542
53408
627177
739699
24358
79923
1204817
88185
67836
59263
52398
230825
319158
207469
24138
262586
26744
268792
286881
2325749
80069
46281
56921
69798
23071194
2098568
327717
180376
944480
1876506
413692
643681
280803
69243
245351
122508
74211
92241
77775
401298
373751
272207
393214
272955
121542
539436
75561
275948
782752
231069
2774892
100338
515469
231212
2975271
357057
35022
49477
516571
6494090
142583
83747
62719
23941
466071
60561
2846254
20801
43828
55602
120880
57952
1338579
225043
140551
19150
318931
37566
383662
412962
78048
518199
36435
245264
87344
363271
217199
216339
1952434
100535
11235078
84625
272701
613917
668075
15461
879032
25705
7393320
73702
119288
2053940
60662
2074872
97901
321913
86107
146718
40071
68772
266806
269500
182754
435974
85183
140667
1749367
74046
94550
486356
464868
167539
865031
353478
99908
903184
91050
674280
93835
45153
43005
169516
1422328
94622
45145
47416
5476388
4739074
65818
92073
169467
45817
67101
41737
210729
54744
78102
10549812
37773
250077
395826
102533
19874
812479
108384
2772718
491516
161050
650208
69575
213188
199398
1663487
1014745
43448
160784
203464
33411
281113
59133
21263
99909
912058
537565
37105
106796
713718
542055
193104
18166
78514
18249
50391
4015377
529546
92037
4730528
145348
375601
4380989
167120
341091
1497632
7059468
61251
394907
1900177
19053
307545
50587
295343
1474563
2599055
59468
303231
855106
131399
164738
393549
584196
150760
167177
31802
170973
207766
54459
344973
237205
243351
184705
235969
31469
812404
3924846
288460
241080
152662
57784
302938
44415
85284
331489
123087
42304
314603
463043
20700
22846
2177891
32820
55196
51758
296908
56274
329802
100469
53322
910185
1200756
36305
92318
257481
2151463
61955
25205
38826
73263
429821
55862
39646
21556
55068
1760220
651072
2257333
48541
1250566
256378
410523
102341
173535
4097260
274956
132816
383633
225073
777563
31800
132826
947949
10823399
6037609
170927
2514910
58957
22129
57040
24236
250056
42980
466737
84190
3807816
330561
6086521
4356414
82376
68003
124934
59022
636042
302917
784843
346479
31701
42776
38782
18021
1059876
241109
277045
45239
1806559
973349
37837
777610
70693
65415
48742
85538
457325
257729
33494
34904
211309
36648
122282
29878
140613
319210
243934
38179
34661
189121
383408
55819
74697
904891
4074286
57519
69211
1947443
1575530
898742
76878
165635
32272
3245737
34996
63451
56194
1117141
119108
371320
252662
489694
204688
63341
43430
86724
6805623
4232617
101001
2799883
68136
84626
145754
6665136
373368
42555
536345
170239
77324
4003385
62978
964322
147540
25235
106639
1785177
186276
1066609
740061
73934
59707
142225
251492
102464
276022
1128870
144622
135895
469560
27866
129963
960372
57038
216870
900956
54949
9077146
573893
263698
155699
220313
41920
191936
92557
3140898
2638498
295186
171737
37511
35890
54410
989769
70593
3590092
115546
59987
42478
37888
156798
443322
5298082
68924
191026
180886
33027
7056820
132039
574833
91625
99599
289338
31862
85956
48364
2475188
121902
195088
44896
175962
44612
75070
35794
93265
712690
18757
150546
195094
52148
178657
86625
186303
568238
155211
82978
162437
278027
72817
14704
1793982
31885
628312
74314
51524
63152
514928
85774
472874
63703
133061
69164
94833
375649
103610
100712
42834
143480
21459
19725
333483
184290
136115
100647
396817
99127
127952
193682
579584
354732
270155
18338
70995
132595
128440
36625
29868
75772
74558
59346
2627465
221381
15247813
4145233
258612
56223
82659
76147
70566
90205
237176
2260248
52398
419414
126525
34521
59285
23151
220588
120067
634420
185109
241627
50302
66569
322317
92048
245657
2015846
46808
35940
9273598
5295516
325828
1244497
128811
59562
2427469
171638
174662
40558
